<?xml version="1.0" encoding="UTF-8"?><collection xmlns="http://www.loc.gov/MARC21/slim"><record><leader>00428nam--2200133-i-4500</leader><controlfield tag="001">000017395</controlfield><controlfield tag="002">20161230</controlfield><controlfield tag="005">20161230201032</controlfield><controlfield tag="008">060222s1000------------r-----000-0-eng-d</controlfield><datafield ind1=" " ind2=" " tag="080"><subfield code="a">517.9</subfield></datafield><datafield ind1=" " ind2=" " tag="100"><subfield code="a">Fedoryuk, Mikhail V</subfield></datafield><datafield ind1=" " ind2=" " tag="245"><subfield code="a">Asymptotic analysis. linear ordinary differential equations. translated from the russian by andrew rodicl. with 26 figures</subfield></datafield><datafield ind1=" " ind2=" " tag="260"><subfield code="a">Berlin, Springer-verlag, 1993. Viii + 363 P</subfield></datafield><datafield ind1=" " ind2=" " tag="852"><subfield code="a">80925</subfield></datafield></record></collection>